@book{HandsOnMachineLearning,
  author    = {Géron, Aurélien},
  title     = {Hands-On Machine Learning with Scikit-Learn, Keras, and TensorFlow: Concepts, Tools, and Techniques to Build Intelligent Systems, 3rd Edition},
  publisher = {O'Reilly Media},
  year      = {2022}
}

@article{kober2013reinforcement,
  title   = {Reinforcement Learning in Robotics: A Survey},
  author  = {Kober, Jens and Bagnell, J. Andrew and Peters, Jan},
  journal = {The International Journal of Robotics Research},
  year    = {2013},
  publisher = {SAGE Publications}
}

@inproceedings{krizhevsky2012imagenet,
  title     = {ImageNet Classification with Deep Convolutional Neural Networks},
  author    = {Krizhevsky, Alex and Sutskever, Ilya and Hinton, Geoffrey E.},
  booktitle = {Advances in Neural Information Processing Systems},
  year      = {2012}
}

@inproceedings{vaswani2017attention,
  title     = {Attention Is All You Need},
  author    = {Vaswani, Ashish and Shazeer, Noam and Parmar, Niki and 
               Uszkoreit, Jakob and Jones, Llion and Gomez, Aidan N. and 
               Kaiser, {\L}ukasz and Polosukhin, Illia},
  booktitle = {Advances in Neural Information Processing Systems},
  pages     = {5998--6008},
  year      = {2017}
}

@inproceedings{sahami1998bayesian,
  title     = {A Bayesian Approach to Filtering Junk E-mail},
  author    = {Sahami, Mehran and Dumais, Susan and Heckerman, David and Horvitz, Eric},
  booktitle = {AAAI'98 Workshop on Learning for Text Categorization},
  year      = {1998}
}

@article{huang2019lstm,
  title   = {Deep learning for GPS-based human activity recognition},
  author  = {Huang, Zhifeng and Xu, Hongjian and Wang, Shaobin and Zhang, Liang},
  journal = {Personal and Ubiquitous Computing},
  year    = {2019},
  publisher = {Springer}
}

@article{esteva2017dermatologist,
  title   = {Dermatologist-Level Classification of Skin Cancer with Deep Neural Networks},
  author  = {Esteva, Andre and Kuprel, Brett and Novoa, Roberto A. 
             and Ko, Susan J. and Swetter, Susan M. and Blau, Helen M. 
             and Thrun, Sebastian},
  journal = {Nature},
  year    = {2017},
  publisher = {Nature Publishing Group}
}

@article{silver2016mastering,
  title   = {Mastering the Game of Go with Deep Neural Networks and Tree Search},
  author  = {Silver, David and Huang, Aja and Maddison, Chris J. and Guez, Arthur 
             and Sifre, Laurent and Van Den Driessche, George 
             and Schrittwieser, Julian and Antonoglou, Ioannis and 
             Panneershelvam, Veda and Lanctot, Marc and others},
  journal = {Nature},
  year    = {2016}
}

@book{sutton2018rl,
  author    = {Sutton, Richard S. and Barto, Andrew G.},
  title     = {Reinforcement Learning: An Introduction, Second Edition},
  publisher = {The MIT Press},
  year      = {2018}
}

@book{russell2010artificial,
  title     = {Artificial Intelligence: A Modern Approach},
  author    = {Russell, Stuart J. and Norvig, Peter},
  publisher = {Prentice Hall},
  year      = {2010}
}

@book{goodfellow2016deep,
  title     = {Deep Learning},
  author    = {Goodfellow, Ian and Bengio, Yoshua and Courville, Aaron},
  year      = {2016},
  publisher = {MIT Press}
}

@article{breiman2001random,
  title   = {Random Forests},
  author  = {Breiman, Leo},
  journal = {Machine Learning},
  year    = {2001},
  publisher = {Springer}
}

@article{bishop2006pattern,
  title={Pattern Recognition and Machine Learning},
  author={Bishop, Christopher M.},
  journal={Springer},
  year={2006}
}

@book{draper1998applied,
  title     = {Applied Regression Analysis},
  author    = {Draper, Norman R. and Smith, Harry},
  publisher = {John Wiley \& Sons},
  edition   = {3rd},
  year      = {1998}
}

@book{breiman1984classification,
  title     = {Classification and Regression Trees},
  author    = {Breiman, Leo and Friedman, Jerome H. and Olshen, Richard A. and Stone, Charles J.},
  publisher = {Wadsworth International Group},
  year      = {1984}
}

@article{cortes1995support,
  title   = {Support-Vector Networks},
  author  = {Cortes, Corinna and Vapnik, Vladimir},
  journal = {Machine Learning},
  year    = {1995},
  publisher = {Springer}
}

@article{jain2010data,
  title   = {Data Clustering: 50 Years Beyond K-Means},
  author  = {Jain, Anil K.},
  journal = {Pattern Recognition Letters},
  year    = {2010},
  publisher = {Elsevier}
}

@article{schubert2017dbscan,
  title   = {DBSCAN Revisited, Revisited: Why and How You Should (Still) Use DBSCAN},
  author  = {Schubert, Erich and Sander, J{\"o}rg and Ester, Martin and Kriegel, Hans-Peter and Xu, Xiaowei},
  journal = {ACM Transactions on Database Systems},
  year    = {2017},
  publisher = {ACM}
}

@book{chollet2021deep,
  author    = {Chollet, François},
  title     = {Deep Learning with Python},
  publisher = {Manning Publications Co.},
  year      = {2018}
}

@inproceedings{vanhasselt2016deep,
  title     = {Deep Reinforcement Learning with Double Q-Learning},
  author    = {Van Hasselt, Hado and Guez, Arthur and Silver, David},
  booktitle = {Proceedings of the Thirtieth AAAI Conference on Artificial Intelligence (AAAI)},
  year      = {2016},
  publisher = {AAAI Press}
}

@inproceedings{wang2016dueling,
  title     = {Dueling Network Architectures for Deep Reinforcement Learning},
  author    = {Wang, Ziyu and De Freitas, Nando and Lanctot, Marc},
  booktitle = {Proceedings of the 33rd International Conference on Machine Learning (ICML)},
  pages     = {1995--2003},
  year      = {2016},
  publisher = {PMLR}
}

@article{williams1992simple,
  title   = {Simple Statistical Gradient-Following Algorithms for Connectionist Reinforcement Learning},
  author  = {Williams, Ronald J.},
  journal = {Machine Learning},
  year    = {1992},
  publisher = {Springer}
}

@article{konda2000actor,
  title   = {Actor-Critic Algorithms},
  author  = {Konda, Vijay R. and Tsitsiklis, John N.},
  journal = {Advances in Neural Information Processing Systems (NeurIPS)},
  pages   = {1008--1014},
  year    = {2000}
}

@article{mnih2016a3c,
  title={Asynchronous Methods for Deep Reinforcement Learning},
  author={Mnih, Volodymyr and Puigdomènech Badia, Adrià and Mirza, Mehdi and Graves, Alex and Harley, Tim and Lillicrap, Timothy P. and Silver, David and Kavukcuoglu, Koray},
  journal={arXiv preprint arXiv:1602.01783},
  year={2016}
}

@article{schulman2017proximal,
  title   = {Proximal Policy Optimization Algorithms},
  author  = {Schulman, John and Wolski, Filip and Dhariwal, Prafulla and Radford, Alec and Klimov, Oleg},
  journal = {arXiv preprint arXiv:1707.06347},
  year    = {2017}
}

@article{bain1995framework,
  title   = {A Framework for Behavioral Cloning},
  author  = {Bain, Michael and Sammut, Claude},
  journal = {Machine Intelligence 15},
  pages   = {103--129},
  year    = {1995},
  publisher = {Oxford University Press}
}

@inproceedings{ng2000algorithms,
  title     = {Algorithms for Inverse Reinforcement Learning},
  author    = {Ng, Andrew Y. and Russell, Stuart J.},
  booktitle = {Proceedings of the Seventeenth International Conference on Machine Learning (ICML)},
  year      = {2000},
  publisher = {Morgan Kaufmann Publishers Inc.}
}

@inproceedings{ho2016generative,
  title     = {Generative Adversarial Imitation Learning},
  author    = {Ho, Jonathan and Ermon, Stefano},
  booktitle = {Proceedings of the 30th International Conference on Neural Information Processing Systems (NeurIPS)},
  pages     = {4565--4573},
  year      = {2016},
  publisher = {Curran Associates Inc.}
}

@article{mnih2015dqn,
  title={Playing Atari with Deep Reinforcement Learning},
  author={Mnih, Volodymyr and Kavukcuoglu, Koray and Silver, David and Graves, Alex and Antonoglou, Ioannis and Wierstra, Daan and Riedmiller, Martin},
  journal={arXiv preprint arXiv:1312.5602},
  year={2013}
}

@article{zhang2018study,
  title   = {A Study on Overfitting in Deep Reinforcement Learning},
  author  = {Zhang, Chiyuan and Vinyals, Oriol and Munos, Remi and Bengio, Samy},
  journal = {arXiv preprint arXiv:1804.06893},
  year    = {2018}
}

@inproceedings{goodfellow2014generative,
  title     = {Generative Adversarial Networks},
  author    = {Goodfellow, Ian and Pouget-Abadie, Jean and Mirza, Mehdi and Xu, Bing and Warde-Farley, David and Ozair, Sherjil and Courville, Aaron and Bengio, Yoshua},
  booktitle = {Advances in Neural Information Processing Systems (NeurIPS)},
  year      = {2014},
  publisher = {Curran Associates, Inc.}
}

@article{bellemare2013arcade,
  title   = {The Arcade Learning Environment: An Evaluation Platform for General Agents},
  author  = {Bellemare, Marc G. and Naddaf, Yavar and Veness, Joel and Bowling, Michael},
  journal = {Journal of Artificial Intelligence Research},
  year    = {2013}
}

@article{samuel1959checkers,
  title={Some Studies in Machine Learning Using the Game of Checkers},
  author={Samuel, Arthur L.},
  journal={IBM Journal of Research and Development},
  year={1959},
}

@book{mitchell1997machinelearning,
  title={Machine Learning},
  author={Mitchell, Tom M.},
  year={1997},
  publisher={McGraw-Hill}
}

@article{mnih2015nature,
  title={Human-level control through deep reinforcement learning},
  author={Mnih, Volodymyr and Kavukcuoglu, Koray and Silver, David and Rusu, Andrei A and Veness, Joel and Bellemare, Marc G and Graves, Alex and Riedmiller, Martin and Fidjeland, Andreas K and Ostrovski, Georg and Petersen, Stig and others},
  journal={Nature},
  year={2015},
  publisher={Nature Publishing Group}
}

@book{lapan2020deep,
  author  = {Lapan, Maxim},
  title   = {Deep Reinforcement Learning Hands-On. Apply modern RL methods to practical problems of chatbots, robotics, discrete optimization, web automation, and more - Second Edition},
  publisher = {Packt Publishing},
  year    = {2020}
}

@misc{wikipedia_reinforcement_learning,
  title = {Reinforcement learning},
  author = {{Wikipedia contributors}},
  year = {2025},
  url = {https://en.wikipedia.org/wiki/Reinforcement_learning},
  note = {Accessed: 2025-01-21}
}


@misc{DQN,
  author = {Adrian Galik},
  title = {Repozytorium z implementacją DQN dla Pong},
  year = {2025},
  howpublished = "\url{https://github.com/Vexus1/engineer_project/tree/main/pong_ai/deep_q_learning_model}",
  note = {dostęp: styczeń 2025}
}

@misc{A2C,
  author = {Adrian Galik},
  title = {Repozytorium z implementacją A2c dla Pong},
  year = {2025},
  howpublished = "\url{https://github.com/Vexus1/engineer_project/tree/main/pong_ai/A2C_model}",
  note = {dostęp: styczeń 2025}
}

@misc{stable_baselines_a2c,
  author       = {{Stable-Baselines contributors}},
  title        = {A2C (Advantage Actor Critic) - Stable-Baselines Documentation},
  year         = {2025},
  url          = {https://stable-baselines.readthedocs.io/en/master/modules/a2c.html},
  note         = {Accessed: 2025-01-21}
}

@misc{python,
    author       = {{Python Software Foundation}},
    title        = {{Python Language Reference, version 3.12}},
    howpublished = {\url{https://www.python.org}},
    year         = {2023},
    note         = {[Online; accessed 22-January-2025]}
}

@misc{gymnasium2025,
  author       = {{Gymnasium contributors}},
  title        = {Gymnasium: A Standard API for Reinforcement Learning Environments},
  year         = {2025},
  url          = {https://gymnasium.farama.org/},
  note         = {Accessed: 2025-01-21}
}

@misc{pytorch2025,
  author       = {{PyTorch contributors}},
  title        = {PyTorch: An Open Source Machine Learning Framework},
  year         = {2025},
  url          = {https://pytorch.org/},
  note         = {Accessed: 2025-01-21}
}

@misc{opencv2025,
  author       = {{OpenCV contributors}},
  title        = {OpenCV: Open Source Computer Vision Library},
  year         = {2025},
  url          = {https://opencv.org/},
  note         = {Accessed: 2025-01-21}
}

